@Misc{progress-kemp-loadmaster-xx,
  author       = {{Progress Kemp}},
  title        = {{LoadMaster}},
  howpublished = {\url{https://kemptechnologies.com/}}
}

@Misc{progress-kemp-whatsup-gold-xx,
  author       = {{Progress Kemp}},
  title        = {{WhatsUp Gold}},
  howpublished = {\url{https://kemptechnologies.com/}}
}
